@article{King,
  author          = "I. R. King",
  journal         = "Quarterly Journal of the Royal Astronomical Society",
  title           = "The Dynamics of Globular Clusters",
  volume          = "Vol. 22",
  year            = 1981
}

@ARTICLE{BOOK,
       author = {{Meylan}, G. and {Heggie}, D.~C.},
        title = "Internal dynamics of globular clusters",
      journal = "The Astronomy and Astrophysics Review",
     keywords = {Stellar Dynamics, Globular clusters: general, Globular clusters: individual, Galaxies: star clusters, Astrophysics},
         year = 1997,
        month = jan,
       volume = {8},
        pages = {1-143},
          doi = {10.1007/s001590050008},
archivePrefix = {arXiv},
       eprint = {astro-ph/9610076},
 primaryClass = {astro-ph},
       adsurl = {https://ui.adsabs.harvard.edu/abs/1997A&ARv...8....1M},
      adsnote = {Provided by the SAO/NASA Astrophysics Data System}
}

